@article{complex,
author        = "Mobs, Esma",
title         = "{The CERN accelerator complex. Complexe des
accélérateurs du CERN}",
month         = "Jul",
year          = "2016",
reportNumber  = "OPEN-PHO-ACCEL-2016-009",
url           = "https://cds.cern.ch/record/2197559",
note          = "General Photo",
}
