% Encoding: UTF-8

@Manual{Berg2016,
  author =       {Jaxen Berg},
  title =        {The title of the work},
  year =         {2016},
  edition =      {3},
  note =         {An optional note},
  organization = {The organization},
  address =      {The address of the publisher},
  month =        {7},
  owner =        {YufenChun},
  timestamp =    {2016.04.30}
}

@Conference{Collins2016,
  author =       {Jerry Collins},
  title =        {The title of the work},
  booktitle =    {The title of the book},
  year =         {2016},
  editor =       {The editor},
  volume =       {4},
  series =       {5},
  note =         {An optional note},
  organization = {The organization},
  publisher =    {The publisher},
  month =        {7},
  pages =        {213},
  address =      {The address of the publisher},
  owner =        {YufenChun},
  timestamp =    {2016.04.30}
}

@Article{Graham2016,
  author =    {Daniel Graham},
  title =     {The title of the work},
  year =      {2016},
  volume =    {4},
  number =    {2},
  month =     {7},
  pages =     {201-213},
  note =      {An optional note},
  journal =   {The name of the journal},
  owner =     {YufenChun},
  timestamp = {2016.04.30}
}

@Book{Grant2016,
  author =    {Corey Grant},
  title =     {The title of the work},
  year =      {2016},
  volume =    {4},
  edition =   {3},
  series =    {10},
  note =      {An optional note},
  publisher = {The name of the publisher},
  isbn =      {3257227892},
  address =   {The address},
  month =     {7},
  owner =     {YufenChun},
  timestamp = {2016.04.30}
}

@InCollection{Haney2016,
  author =    {Bowen Haney},
  title =     {The title of the work},
  booktitle = {The title of the book},
  year =      {2016},
  editor =    {The editor},
  volume =    {4},
  edition =   {3},
  series =    {5},
  note =      {An optional note},
  publisher = {The name of the publisher},
  chapter =   {8},
  pages =     {201-213},
  address =   {The address of the publisher},
  month =     {7},
  owner =     {YufenChun},
  timestamp = {2016.04.30}
}

@Booklet{Jordan2016,
  author =       {Malik Jordan},
  title =        {The title of the work},
  year =         {2016},
  howpublished = {How it was published},
  note =         {An optional note},
  address =      {The address of the publisher},
  month =        {7},
  owner =        {YufenChun},
  timestamp =    {2016.04.30}
}

@PhdThesis{Morgan2016,
  author =    {Aaron Morgan},
  title =     {The title of the work},
  year =      {2016},
  note =      {An optional note},
  month =     {7},
  address =   {The address of the publisher},
  owner =     {YufenChun},
  school =    {The school where the thesis was written},
  timestamp = {2016.04.30}
}

@Unpublished{Scott2016,
  author =    {Leo Scott},
  title =     {The title of the work},
  year =      {2016},
  note =      {An optional note},
  month =     {7},
  owner =     {YufenChun},
  timestamp = {2016.04.30}
}

@TechReport{Stewart2016,
  author =      {Jamie Stewart},
  title =       {The title of the work},
  institution = {The institution that published},
  year =        {2016},
  number =      {2},
  note =        {An optional note},
  month =       {7},
  address =     {The address of the publisher},
  owner =       {YufenChun},
  timestamp =   {2016.04.30}
}

@MastersThesis{Wells2016,
  author =    {Kayden Wells},
  title =     {The title of the work},
  year =      {2016},
  note =      {An optional note},
  month =     {7},
  address =   {The address of the publisher},
  owner =     {YufenChun},
  school =    {The school where the thesis was written},
  timestamp = {2016.04.30}
}

@InBook{Williamson2016,
  author =    {Konnor Williamson},
  title =     {The title of the work},
  year =      {2016},
  volume =    {4},
  edition =   {3},
  series =    {5},
  note =      {An optional note},
  publisher = {The name of the publisher},
  chapter =   {8},
  pages =     {201-213},
  address =   {The address of the publisher},
  month =     {7},
  owner =     {YufenChun},
  timestamp = {2016.04.30}
}

@Proceedings{Gallagher2016,
  title =        {The title of the work},
  year =         {2016},
  editor =       {Frankie Gallagher},
  volume =       {4},
  series =       {5},
  note =         {An optional note},
  organization = {The organization},
  publisher =    {The name of the publisher},
  month =        {7},
  address =      {The address of the publisher},
  owner =        {YufenChun},
  timestamp =    {2016.04.30}
}
